<record><leader>00000cas a22000007a 4500</leader><controlfield tag="001">13802802</controlfield><controlfield tag="008">860630d185u186ualuwr ne      0    0eng d</controlfield><datafield ind1=" " ind2=" " tag="010"><subfield code="a">sn 86050265 </subfield></datafield><datafield ind1=" " ind2=" " tag="040"><subfield code="a">AAR</subfield><subfield code="b">eng</subfield><subfield code="c">AAR</subfield><subfield code="d">CPN</subfield><subfield code="d">OCLCQ</subfield></datafield><datafield ind1=" " ind2=" " tag="042"><subfield code="a">msc</subfield></datafield><datafield ind1="0" ind2=" " tag="130"><subfield code="a">Weekly herald (Benton, Ala.)</subfield></datafield><datafield ind1="1" ind2="4" tag="245"><subfield code="a">The Weekly herald.</subfield></datafield><datafield ind1=" " ind2=" " tag="260"><subfield code="a">Benton, Ala. :</subfield><subfield code="b">Weston &amp; Co.</subfield></datafield><datafield ind1=" " ind2=" " tag="300"><subfield code="a">v. ;</subfield><subfield code="c">57-59 cm.</subfield></datafield><datafield ind1=" " ind2=" " tag="310"><subfield code="a">Weekly</subfield></datafield><datafield ind1=" " ind2=" " tag="580"><subfield code="a">Formed by the union of: Autauga herald (non-extant), and: Benton herald (non-extant). Cf. Ellison, R.C. Hist. and bibl. of Ala. newspapers in the nineteenth century.</subfield></datafield><datafield ind1=" " ind2=" " tag="588"><subfield code="a">Description based on: Vol. 1, no. 40 (Nov. 10, 1859).</subfield></datafield><datafield ind1=" " ind2=" " tag="752"><subfield code="a">United States</subfield><subfield code="b">Alabama</subfield><subfield code="c">Lowndes</subfield><subfield code="d">Benton.</subfield></datafield><datafield ind1="1" ind2="4" tag="780"><subfield code="t">Autauga herald</subfield></datafield><datafield ind1="1" ind2="4" tag="780"><subfield code="t">Benton herald</subfield></datafield><datafield ind1="1" ind2=" " tag="029"><subfield code="a">AU@</subfield><subfield code="b">000025840079</subfield></datafield></record>